@article{Goodfellow2014GenerativeAN,
  title={Generative Adversarial Networks},
  author={Ian J. Goodfellow and Jean Pouget-Abadie and M. Mirza and B. Xu and David Warde-Farley and Sherjil Ozair and Aaron C. Courville and Yoshua Bengio},
  journal={ArXiv},
  year={2014},
  volume={abs/1406.2661}
}

@article{haidar2019textkdgan,
    title={TextKD-GAN: Text Generation using KnowledgeDistillation and Generative Adversarial Networks},
    author={Md. Akmal Haidar and Mehdi Rezagholizadeh},
    year={2019},
    eprint={1905.01976},
    archivePrefix={arXiv},
    primaryClass={cs.CL}
}

@article{yu2016seqgan,
    title={SeqGAN: Sequence Generative Adversarial Nets with Policy Gradient},
    author={Lantao Yu and Weinan Zhang and Jun Wang and Yong Yu},
    year={2016},
    eprint={1609.05473},
    archivePrefix={arXiv},
    primaryClass={cs.LG}
}

@article{kusner2016gans,
    title={GANS for Sequences of Discrete Elements with the Gumbel-softmax Distribution},
    author={Matt J. Kusner and José Miguel Hernández-Lobato},
    year={2016},
    eprint={1611.04051},
    archivePrefix={arXiv},
    primaryClass={stat.ML}
}

@article{donahue2018adversarial,
    title={Adversarial Text Generation Without Reinforcement Learning},
    author={David Donahue and Anna Rumshisky},
    year={2018},
    eprint={1810.06640},
    archivePrefix={arXiv},
    primaryClass={cs.CL}
}

@online{Chintapalli2019,
    author = {Karthik Chintapalli},
    title = {Generative Adversarial Networks for Text Generation},
    year = 2019,
    url = {https://becominghuman.ai/generative-adversarial-networks-for-text-generation-part-1-2b886c8cab10},
    urldate = {2020-08-13}
}
